<?xml version="1.0" encoding="UTF-8"?><record xmlns="http://www.loc.gov/MARC21/slim" xmlns:cinclude="http://apache.org/cocoon/include/1.0" xmlns:zs="http://www.loc.gov/zing/srw/">
  <leader>00817nz  a2200169n  4500</leader>
  <controlfield tag="001">n 2013211469</controlfield>
  <controlfield tag="003">DLC</controlfield>
  <controlfield tag="005">20140401053420.0</controlfield>
  <controlfield tag="008">140401n| azannaabn          |b aaa      </controlfield>
  <datafield tag="010" ind1=" " ind2=" ">
    <subfield code="a">n 2013211469</subfield>
  </datafield>
  <datafield tag="040" ind1=" " ind2=" ">
    <subfield code="a">DLC</subfield>
    <subfield code="b">eng</subfield>
    <subfield code="c">DLC</subfield>
    <subfield code="e">rda</subfield>
  </datafield>
  <datafield tag="100" ind1="1" ind2=" ">
    <subfield code="a">Bāqabaṣ, ʻUmar ʻAbd Allāh</subfield>
  </datafield>
  <datafield tag="375" ind1=" " ind2=" ">
    <subfield code="a">male</subfield>
  </datafield>
  <datafield tag="377" ind1=" " ind2=" ">
    <subfield code="a">ara</subfield>
  </datafield>
  <datafield tag="400" ind1="1" ind2=" ">
    <subfield code="a">‏باقبص، عمر عبد الله</subfield>
  </datafield>
  <datafield tag="667" ind1=" " ind2=" ">
    <subfield code="a">Non-Latin script reference not evaluated.</subfield>
  </datafield>
  <datafield tag="670" ind1=" " ind2=" ">
    <subfield code="a">al-Adab al-Afrū-Amirīkī al-muʻāṣir, 2009:</subfield>
    <subfield code="b">title page (al-Ustādh al-Duktūr ʻUmar ʻAbd Allāh Bāqabaṣ, Qism al-Lughāt al-Ūrūbbīyah, Kullīyat al-Ādāb wa-al-ʻŪlūm al-Insānīyah = الأستاذ الدكتور عمر عبد الله باقبص، قسم اللغات الأوروبية، كلية الآداب والعلوم الإنسانية)</subfield>
  </datafield>
</record>